% Encoding: UTF-8

@Electronic{FileInfo2019,
  author       = {FileInfo},
  year         = {2019},
  title        = {GLTF File Extension},
  howpublished = {FileFormat.info},
  url          = {https://fileinfo.com/extension/gltf.},
  timestamp    = {2019-01-23},
}

@Electronic{Autodesk2019,
  author       = {Autodesk},
  year         = {2019},
  title        = {CAD Design. Autodesk.},
  howpublished = {Autodesk.},
  url          = {https://www.autodesk.com/solutions/cad-design.},
  timestamp    = {2018-12-12},
}

@Electronic{Autodesk2019a,
  author    = {Autodesk},
  year      = {2019},
  title     = {FBX},
  url       = {https://www.autodesk.com/products/fbx/overview.},
  timestamp = {2019-11-28},
}

@Book{Awad2005,
  title     = {A Comparison between Agile and Traditional Software Development Methodologie.},
  publisher = {Western Australia. : School of Computer Science and software Engineering, The University of Western Australia.},
  year      = {2005},
  author    = {Awad, M. A.},
  timestamp = {2019-11-13},
}

@Electronic{Chakravorty,
  author       = {Chakravorty},
  title        = {OBJ File Format – Simply Explained for CAD and 3D Printing.},
  howpublished = {all3dp},
  url          = {https://all3dp.com/1/obj-file-format-3d-printing-cad/},
  timestamp    = {2018-10-23},
}

@Electronic{FileFormat2019,
  author       = {FileFormat},
  year         = {2019},
  title        = {Wavefront OBJ File Format Summary},
  howpublished = {FileFormat.info},
  url          = {https://www.fileformat.info/format/wavefrontobj/egff.htm.},
  timestamp    = {2019-11-22},
}

@Electronic{Mozilla2019,
  author       = {Mozilla},
  year         = {2019},
  title        = {WebGL_API},
  howpublished = {Mozilla.org},
  url          = {https://developer.mozilla.org/en-US/docs/Web/API/WebGL_API.},
  timestamp    = {2020-01-15},
}

@Electronic{Tutorialspoint2019,
  author       = {Tutorialspoint},
  year         = {2019},
  title        = {WebGL Introduction.},
  howpublished = {Tutorials Point},
  url          = {https://www.tutorialspoint.com/webgl/webgl_introduction.htm.},
  timestamp    = {2019-11-19},
}

@Book{Shevts2019,
  title     = {Dive into Design Patterns.},
  publisher = {Internet},
  year      = {2019},
  author    = {Alexander Shevts},
  editor    = {Andrew Wetmore, Rhyan Solomon},
  timestamp = {2020-01-13},
  url       = {http://refactoring.guru},
}

@Electronic{Trevett2019,
  author       = {Niel Trevett},
  year         = {2019},
  title        = {glTF 1.0 Specification},
  howpublished = {Khronos.},
  url          = {https://www.khronos.org/news/press/khronos-finalizes-gltf-1.0-specification.},
  timestamp    = {2019-10-16},
}

@Electronic{Weagly2019,
  author       = {Weagly},
  year         = {2019},
  title        = {What is 3D visualization?},
  howpublished = {wiseGeek},
  url          = {https://www.wisegeek.com/what-is-3d-visualization.htm.},
  timestamp    = {2019-11-15},
}

@MastersThesis{REYES2016,
  author    = {BR. SINTYA MILENA MELÉNDEZ VALLADAREZ BR. MARIA ELIZABETH GAITAN BR. NELDIN NOEL PÉREZ REYES},
  title     = {METODOLOGIA ÁGIL DE DESARROLLO DE SOFTWARE PROGRAMACION EXTREMA.},
  school    = {UNIVERSIDAD NACIONAL AUTONOMA DE NICARAGUA, MANAGUA (UNAN-MANAGUA). RECINTO UNIVERSITARIO RUBÉN DARÍO (RURD). FACULTAD DE CIENCIAS E INGENIERÍA DEPARTAMENTO DE COMPUTACIÓN.},
  year      = {2016},
  timestamp = {2020-01-14},
}

@Comment{jabref-meta: databaseType:bibtex;}
